@Manual{dplyr2023,
    title = {dplyr: A Grammar of Data Manipulation},
    author = {Hadley Wickham and Romain François and Lionel Henry and Kirill Müller and Davis Vaughan},
    year = {2023},
    note = {R package version 1.1.4},
    url = {https://CRAN.R-project.org/package=dplyr},
  }
  
@Book{ggplot22016,
    author = {Hadley Wickham},
    title = {ggplot2: Elegant Graphics for Data Analysis},
    publisher = {Springer-Verlag New York},
    year = {2016},
    isbn = {978-3-319-24277-4},
    url = {https://ggplot2.tidyverse.org},
  }
  
@Manual{readr2024,
    title = {readr: Read Rectangular Text Data},
    author = {Hadley Wickham and Jim Hester and Jennifer Bryan},
    year = {2024},
    note = {R package version 2.1.5},
    url = {https://CRAN.R-project.org/package=readr},
  }
  
@Manual{tidyr2024,
    title = {tidyr: Tidy Messy Data},
    author = {Hadley Wickham and Davis Vaughan and Maximilian Girlich},
    year = {2024},
    note = {R package version 1.3.1},
    url = {https://CRAN.R-project.org/package=tidyr},
  }
  
@Manual{knitr2024,
  title = {knitr: A General-Purpose Package for Dynamic Report Generation in R},
  author = {Yihui Xie},
  year = {2024},
  note = {R package version 1.49},
  url = {https://yihui.org/knitr/},
}

@Book{knitrBook2015,
  title = {Dynamic Documents with {R} and knitr},
  author = {Yihui Xie},
  publisher = {Chapman and Hall/CRC},
  address = {Boca Raton, Florida},
  year = {2015},
  edition = {2nd},
  note = {ISBN 978-1498716963},
  url = {https://yihui.org/knitr/},
}

@InCollection{knitrChapter2014,
  booktitle = {Implementing Reproducible Computational Research},
  editor = {Victoria Stodden and Friedrich Leisch and Roger D. Peng},
  title = {knitr: A Comprehensive Tool for Reproducible Research in {R}},
  author = {Yihui Xie},
  publisher = {Chapman and Hall/CRC},
  year = {2014},
  note = {ISBN 978-1466561595},
}

@Manual{kableExtra2024,
    title = {kableExtra: Construct Complex Table with 'kable' and Pipe Syntax},
    author = {Hao Zhu},
    year = {2024},
    note = {R package version 1.4.0, 
https://github.com/haozhu233/kableExtra},
    url = {http://haozhu233.github.io/kableExtra/},
  }
  
@misc{TheTimes2024UniversityOffers,
  author = {{The Times}},
  title = {University offers at record high as inequality in degree entry grows},
  year = {2024},
  month = aug,
  day = {14},
  url = {https://www.thetimes.co.uk/article/university-offers-at-record-high-as-inequality-in-access-grows-ttj9scz6b},
  note = {Retrieved from The Times on 2025-05-27}
}